2732 4808
355 495 367 513 “
399 472 749 558 θΟΝᾶΡΕΟΤζΙδπ
1033 485 1102 558 542

24 652 159 735 lantis,
172 673 260 741 quae
269 650 404 724 nullam
416 651 607 719 evidentem
616 650 917 738 foecundatioaem
939 653 1102 808 affimat,

0 740 68 805 :ed
90 740 305 806 clandestine
314 736 458 828 florent.
494 735 801 826 Quomodosunque
820 745 877 822 sit,
900 765 948 808 nu
963 746 1037 810 lum
1059 769 1103 811 a·

1 824 81 913 ,ud
102 847 161 890 eas
185 823 402 890 observamus
421 823 567 922 proprie
597 824 648 890 sio
672 823 801 894 dietum
814 823 944 914 florem
967 836 1104 897 utrius·

0 935 71 976 ue
100 933 200 974 sexus
218 907 433 998 genitalibus
462 891 669 974 indubitatis
683 902 903 996 praeditum,
938 915 1000 980 sed
1020 921 1105 1005 pri-

39 1021 62 1059 o
90 995 186 1060 nobis
206 1003 243 1060 in
264 1006 477 1084 conspectum
498 1000 594 1062 uenit
606 993 753 1084 fructus
776 997 857 1082 plus
888 1003 1043 1068 minusve
1067 1025 1108 1069 e·

21 1083 159 1148 olutus.
203 1081 327 1170 Itaque
351 1087 388 1148 in
412 1081 479 1148 liae
497 1082 605 1147 cuae
626 1081 761 1148 nnllam
782 1082 946 1150 babemus
971 1087 1106 1153 meibo-

2 1193 94 1234 um
115 1167 389 1256 antliologieam,
414 1189 535 1234 uerum
560 1171 671 1248 omnis
699 1167 879 1254 dispositio
907 1179 1108 1258 systemati.

16 1280 45 1319 a
69 1255 199 1320 nititur
214 1251 355 1341 ¹fructu.
396 1249 521 1318 Omnis
541 1254 649 1318 simul
669 1261 841 1320 evanescit
857 1259 1035 1325 methodus
1056 1257 1110 1340 sie

4 1347 107 1408 iota
137 1337 340 1428 artificialis
375 1344 413 1403 in
445 1337 725 1427 praeiedentibus
756 1340 924 1407 elassibus
948 1343 1108 1410 adbibita

9 1439 37 1494 't
66 1426 145 1492 sola
166 1425 345 1491 methodus
376 1426 550 1491 naturalis
572 1436 701 1504 restat,
754 1449 800 1490 ua
820 1427 978 1516 formam
996 1430 1111 1496 omni-

1 1534 51 1580 no
77 1513 231 1578 alienam
254 1536 277 1576 a
294 1510 575 1598 praecedentibus
595 1450 822 1599 crooipitbnaec
844 1513 983 1580 Classis.
1020 1515 1112 1605 Ejus

13 1599 175 1682 lautae,
202 1598 238 1662 in
261 1597 419 1663 methodo
438 1596 598 1662 naturali
617 1597 805 1664 seeundum
832 1599 984 1668 indolem
1003 1599 1112 1668 temi-

2 1687 67 1750 nis
90 1684 367 1771 Acolyledoneae
390 1683 504 1752 diotae
513 1731 526 1762 ,
550 1684 689 1748 omnino
708 1683 948 1773 dispescuntur
963 1709 1029 1774 per
1052 1707 1114 1750 or·
1203 1739 1207 1746 .

5 1772 112 1838 dines
132 1781 165 1834 et
181 1768 425 1836 subdivisiones
448 1769 628 1832 naturales
653 1767 854 1834 diversitate
878 1769 1024 1858 fructus
1050 1771 1113 1848 de·

21 1858 148 1923 initas.
180 1857 297 1936 Quum
318 1865 431 1920 autem
455 1850 653 1944 hujusmodi
677 1853 831 1938 ordines,
853 1855 993 1919 etiamsi
1012 1855 1115 1922 valde

4 1941 302 2028 multiplicentur,
325 1941 386 2013 oia
409 1957 562 2028 unquam
586 1940 809 2005 inveniantur·
832 1939 1000 2016 stabilitis
1029 1941 1117 2006 aba·

8 2025 209 2096 racteribus
232 2038 306 2090 tum
330 2025 495 2092 inclusive
519 2035 593 2090 tum
607 2025 784 2091 'exclusive
796 2023 1117 2116 ualentibusfigem

7 2117 72 2192 di,
97 2123 130 2178 et
151 2112 208 2182 de,
225 2123 336 2178 cetero
371 2134 488 2176 eorum
516 2109 672 2200 affinitas
705 2122 779 2177 tam
804 2112 1035 2212 multiplicata
1057 2113 1116 2190 sit,

5 2213 54 2268 ut
83 2201 120 2264 in
141 2197 264 2263 seriem
285 2203 485 2263 continuam
507 2219 625 2262 eorum
647 2219 773 2283 genera
794 2197 909 2286 rediga
932 2206 1119 2286 nequeant3

11 2287 157 2352 ordines
198 2303 327 2370 parisos
364 2281 587 2348 Linnaeanos
636 2293 773 2348 tantum
814 2288 1039 2348 assumsimus
1086 2290 1121 2346 ei

14 2375 56 2440 in
99 2371 153 2434 bis
186 2369 286 2434 modo
322 2362 522 2434 dLinnaeo
563 2367 599 2432 in
633 2367 808 2434 ordinibus
838 2366 1056 2434 naturalibus
1077 2387 1121 2430 u-

14 2459 126 2523 sitato
145 2458 301 2542 primum
325 2476 458 2542 genera
494 2476 740 2533 enumeramus,
773 2475 859 2542 quae
881 2451 1018 2536 ordinis
1036 2453 1123 2521 olra-

16 2552 190 2610 raoterem
212 2541 341 2624 optime
364 2537 510 2618 lrabeat,
531 2550 655 2626 postea
673 2562 805 2630 genera
828 2539 943 2628 magis
960 2563 1055 2628 uaga
1075 2536 1124 2604 ad

20 2632 112 2695 lurae
133 2627 187 2692 vel
209 2627 310 2692 illum
336 2625 492 2690 ordinem
526 2627 714 2694 transitum
760 2625 841 2690 nasi
868 2629 1150 2694 constituentia*

16 2710 202 2782 Habemus
239 2723 320 2777 tunc
378 2722 506 2775 uatuor
531 2724 670 2779 tantum
692 2651 830 2781 ordines
852 2709 1052 2779 notissimos
1072 2711 1124 2776 ita

17 2799 105 2890 fere
129 2803 327 2888 generatim
349 2735 580 2883 definiendas:

28 2968 64 3012 ι.
95 2939 205 3009 Ordo,
235 2939 388 3006 Furcas
431 2941 581 3025 capsulis
621 2935 889 3020 membranaceis
912 2937 1007 3001 nullo
1030 2934 1127 3022 'stylo

243 3026 442 3090 terminatis
470 3027 676 3112 plerumnque
710 3021 884 3092 sessilibus
905 3021 1003 3091 varie
1028 3019 1128 3086 delti-

242 3109 422 3176 soentibus
442 3111 498 3174 uel
521 3107 769 3196 rurrzpentibus·

23 3248 58 3292 2.
86 3219 198 3291 Ordo.
220 3213 352 3284 ‘Muscl
377 3214 528 3296 capsulis
552 3210 814 3290 membranaseis
845 3208 934 3296 stylo
961 3210 1132 3274 termina-

243 3295 455 3456 tcieslhdgbuile
498 3298 748 3369 debiscentibus
785 3297 995 3385 platanique
1027 3292 1134 3380 pedi·

22 3524 58 3592 5.
87 3516 197 3584 Ordo.
222 3507 353 3578 ΑΜΕ
380 3499 502 3583 fructu
526 3492 741 3559 subeoriaceo
767 3496 804 3558 in
827 3482 1033 3574 expansione
1054 3479 1136 3568 pluo

246 3594 402 3657 minusue
425 3589 597 3664 ‚eoriaoea

21 3715 66 3784 4.
100 3709 213 3778 Ordo.
236 3703 364 3849 Ὲυέοι
380 3691 509 3844 Ιςζιιοιιι
528 3691 609 3782 plus
623 3690 779 3756 minusue
802 3697 944 3745 carnoso
966 3679 1004 3740 ia
1020 3668 1139 3758 stipite

251 3809 292 3851 tu
314 3805 392 3848 simi
425 3826 433 3844 ο

123 3945 207 4010 lam
228 3943 380 4006 conuenit
399 3933 555 4000 ordinem
575 3939 847 4009 unumquemque
864 3917 1019 4002 primum
1032 3925 1141 3997 gene·

30 4031 152 4103 ratim
176 4027 363 4118 dispeslere
384 4029 418 4089 et
440 4016 520 4086 dein
539 4009 720 4104 speciatim
741 4013 904 4072 tractare.
