2764 4800
319 357 760 446 mmmmmu
1026 310 1168 434 ,ψ’

277 531 803 639 aceniam

65 713 1026 828 TETRADYNAMIA

380 941 734 983 caisnetus·

92 1054 195 1124 Haec
218 1053 293 1120 sala
314 1057 351 1118 in
372 1061 442 1116 tato
461 1062 645 1140 systemate
666 1053 803 1120 sexuali
826 1059 964 1123 omnino
989 1069 1097 1125 nasu-⁴

23 1142 95 1208 ilis
129 1140 251 1208 classis
290 1143 391 1204 unico
441 1133 575 1204 Ordine
612 1139 770 1204 naturali
812 1143 1099 1218 suxouosmuu
1145 1215 1147 1218 ,

23 1225 207 1304 instituta,
225 1247 312 1314 quae
325 1220 541 1310 cognoscitur
553 1219 661 1312 foliis
680 1225 877 1305 alternis,a
937 1252 973 1294 ce
985 1239 1097 1296 tetra·

23 1311 126 1402 ‘sylla
147 1319 180 1376 et
200 1305 329 1376 corolla
348 1307 556 1393 tetrapetala
578 1306 678 1397 infra
688 1309 850 1398 siliquam
863 1309 898 1376 tt
912 1313 1098 1398 ocularem¹

23 1395 183 1463 ammodo
204 1394 318 1482 nusgis
353 1415 458 1542 guam
482 1401 576 1459 certa
602 1393 759 1459 methodo
789 1396 957 1462 dividitur
981 1398 1018 1462 in
1039 1422 1099 1466 or-

23 1485 105 1548 ines
128 1475 332 1567 artificiales
381 1476 619 1543 iliculosarum
641 1488 674 1542 et
697 1479 961 1567 Siliquosarum.
1001 1475 1101 1551 Lon-

22 1567 135 1634 itudo
157 1565 247 1632 enim
266 1563 421 1651 Siliquae
443 1564 479 1627 in
497 1562 671 1629 nonnullis
685 1565 868 1654 generibus
884 1564 1021 1636 omnino
1033 1595 1101 1635 na-

22 1650 183 1719 sralilms
201 1648 288 1716 adeo
304 1647 436 1727 variat,
459 1657 498 1712 ut
518 1648 611 1714 aliae
629 1651 757 1736 species
780 1651 983 1722 Siliaulosae
1006 1655 1101 1722 aliae

23 1739 70 1804 ili
77 1758 203 1827 quosne
222 1756 267 1822 ap
292 1743 425 1798 areant.
458 1733 582 1822 Itaque
600 1733 780 1802 Linnaeus
802 1739 938 1817 statuit,
961 1760 1029 1806 nan
1042 1765 1101 1805 so-

22 1849 82 1890 im
104 1820 216 1910 longit
280 1841 357 1883 nem
386 1816 533 1904 siliquae
565 1819 849 1886 considerandam
871 1843 942 1888 esse
956 1895 961 1907 x
976 1832 1014 1890 in
1043 1825 1100 1892 liis

22 1906 189 1976 rdinibus
219 1901 490 1992 distinguendis,
527 1903 588 1968 sed
619 1903 711 1970 olias
740 1927 872 2005 quoque
915 1917 1014 1974 notas
1063 1911 1101 1976 in

22 1995 197 2062 cnsilium
219 1989 392 2054 vocandus
411 2011 491 2053 csse.
517 1987 673 2058 Maaime
697 1991 889 2058 essentialis
910 2015 995 2080 pars
1018 2018 1100 2059 son·

22 2075 282 2146 isterevidetur
305 2080 342 2138 in
361 2073 600 2160 dissepimento
612 2073 671 2140 vel
684 2075 801 2162 potius
824 2076 860 2144 in
875 2081 1101 2165 receptaculis

22 2159 241 2254 ilisormibus
276 2159 555 2246 dissepimentum
583 2157 832 2238 ambientibuss
868 2160 964 2228 cu'm'
989 2164 1101 2251 igitur

22 2279 75 2318 coc
98 2248 377 2332 dissepimentum
407 2243 443 2308 in
468 2253 619 2308 rostrum
638 2245 780 2335 longum
798 2247 878 2332 plus
905 2246 1019 2313 minus
1042 2247 1100 2312 la-

21 2361 88 2404 um
107 2344 187 2398 ante
208 2331 373 2419 siliquam
393 2327 504 2427 ipsam
523 2329 699 2416 procedit,
721 2341 804 2397 tunc
821 2331 950 2434 planta
969 2332 1017 2398 asi
1037 2331 1100 2398 Si-

21 2433 166 2512 iquosas
188 2415 343 2504 refertur
366 2414 504 2478 etiamsi
539 2414 670 2479 semina
691 2421 827 2483 nonnisi
850 2439 967 2504 pauca
988 2417 1025 2482 in
1048 2419 1063 2483 l
1082 2453 1102 2470 ·

21 2503 219 2574 ·ulamentis
243 2498 399 2566 brevibus
418 2500 512 2574 sint,
534 2499 724 2587 praecipue
761 2523 836 2568 cum
876 2513 1102 2589 conceptacu-

21 2615 89 2660 um
104 2599 215 2654 totum
238 2585 366 2652 decidit
386 2595 419 2650 et
440 2585 669 2650 inconsuetam
684 2585 917 2676 ‚substantiam
937 2587 1100 2654 labetes.
1177 2633 1181 2642 ·

21 2703 68 2762 fr.
90 2696 222 2740 osseam
235 2693 412 2758 semenque
434 2693 542 2734 unum
563 2693 729 2758 magnum
743 2691 780 2737 ut
798 2672 895 2759 apud
904 2672 1102 2740 Bunisdem.

21 2758 177 2832 Ulterius
223 2756 468 2822 observandum
521 2754 686 2843 siliquam
730 2757 765 2821 in
795 2758 968 2824 nonnullis
1013 2757 1102 2824 Sili-

21 2853 130 2940 [vasis
151 2840 369 2909 strictissime
392 2842 443 2908 sio
465 2840 567 2906 dictis
585 2839 625 2904 ob
646 2842 759 2908 locum
776 2866 943 2930 aquosum
964 2845 1000 2910 in
1020 2842 1103 2908 sub-

21 2929 202 3000 ·otundam
224 2926 383 3013 formam
426 2925 586 2992 contrahi
595 2973 608 3003 ,
645 2950 731 3013 quae
764 2937 845 2992 tunc
880 2928 1102 2994 nihilominus

21 3017 143 3086 eximie
192 3015 386 3102 olysperma
407 3019 522 3074 manet
552 3033 603 3074 ex.
616 3034 672 3100 gr.
697 3014 733 3076 in
754 3010 944 3100 sisymbrio
967 3013 1103 3099 amphi-

21 3105 85 3171 iio·
128 3036 204 3166 lilio
227 3097 341 3162 minus
363 3095 503 3194 difficile
529 3105 578 3160 est
606 3119 737 3184 genera
758 3096 794 3160 in
823 3096 960 3183 singulo
985 3097 1104 3161 ordine

21 3183 200 3273 irtifisiali
225 3187 290 3248 rite
311 3180 529 3282 distinguere.
564 3177 607 3243 In
627 3179 816 3246 Silioulosis
831 3203 961 3269 genera
980 3204 1102 3265 secun-

21 3277 102 3341 lum
129 3290 309 3336 numerum
332 3288 502 3346 seminum
532 3286 611 3328 cum
643 3264 881 3330 recentissimis
907 3264 1102 3353 reformare

21 3356 119 3424 ,alde
141 3351 383 3418 dubitavimus.
426 3353 552 3416 Restat
574 3353 690 3438 itaque
710 3349 896 3416 subdivisio
916 3351 1131 3417 secundum'

21 3447 126 3510 titum
147 3437 396 3523 dissepimenti‚
419 3435 510 3524 quod
529 3434 640 3498 valvis
655 3435 868 3522 parallelum
894 3447 942 3499 est
963 3438 999 3502 in
1018 3436 1102 3522 My-

21 3556 32 3596 ι
59 3551 117 3604 ro,
147 3524 280 3599 Draba,
313 3519 528 3597 cochleariag
560 3521 771 3584 contrarium
795 3519 975 3586 insereris
994 3545 1104 3606 genc-

21 3641 49 3680 re
73 3635 125 3678 us.
177 3609 220 3676 In
253 3605 432 3698 Siliquosis
456 3605 584 3691 siliqua
619 3606 719 3669 valde
737 3605 847 3691 plana
877 3615 909 3671 et
943 3605 1108 3672 valuulas

21 3697 193 3766 revolvens
219 3704 269 3758 est
300 3693 336 3758 in
367 3689 528 3759 Dentaria
551 3698 584 3754 et
615 3688 836 3772 Gasdamins,
869 3714 1017 3757 convexa
1047 3693 1105 3756 vel

21 3781 192 3873 angulata
207 3778 392 3859 macteris,
413 3785 523 3845 rostro
540 3775 666 3844 eximio
681 3777 816 3843 munita
837 3775 873 3843 in
887 3775 1019 3842 ultimis
1034 3777 1102 3843 tri·
1196 3867 1199 3880 Ι
1290 3813 1292 3820 ¹

21 3870 83 3936 ius
102 3862 294 3958 generibus.
