2900 4812
169 333 1110 368 m

93 522 641 658 conspectos
679 525 1150 668 'Regionisi'⁸

95 769 263 898 Upsalia
283 800 515 875 maximarum
552 805 668 875 rerum
705 775 875 894 gestarum
918 810 1149 878 monumentis
1192 898 1194 902 Ι

92 949 171 1005 tam
191 941 293 1029 plena
315 942 443 1030 patriae
475 941 630 1010 scientias
654 939 712 1008 diu
737 941 981 1030 suppeditavit,
1005 942 1042 1008 in
1060 943 1152 1024 nulla

99 1084 224 1138 autem
261 1072 398 1140 scientia
431 1073 573 1164 gloriam
614 1085 742 1140 tantam
762 1071 913 1165 ⁸difi'usit
933 1085 1089 1159 quantam
1109 1047 1151 1144 iu

11 1247 17 1270 ,
95 1216 136 1261 re
158 1196 342 1280 herbaria,
366 1197 463 1288 cujus
485 1210 563 1290 post
586 1195 783 1266 Linnaeum
819 1219 917 1288 suurn
955 1219 1017 1284 per
1038 1207 1149 1265 totum

102 1324 225 1390 orbem
254 1321 427 1390 eruditum
457 1307 615 1411 magislra
647 1321 822 1386 salutatur.
852 1316 946 1387 H'aeo
973 1321 1156 1409 praeconia

98 1461 166 1505 non
187 1436 332 1504 fortuito
354 1437 450 1519 tulit,
474 1439 531 1508 sed
548 1439 635 1504 bene·
654 1435 774 1502 merita
798 1448 849 1502 est
870 1431 1042 1502 fertilitate
1060 1460 1155 1505 cam.

100 1565 228 1648 porum
250 1555 412 1641 suorum,
434 1555 653 1644 qua'invitati
671 1554 807 1620 suerunt
827 1553 1065 1644 septentrionis
1078 1556 1155 1645 pria

108 1680 155 1774 mi
170 1682 300 1749 incolae
322 1691 355 1748 et
370 1705 516 1771 quorum
534 1683 810 1770 ubertate-patria
830 1684 1021 1752 etiamnunc
1041 1689 1166 1755 scien·

106 1808 169 1874 tias
192 1810 259 1874 alit.
304 1807 395 1874 Tam
420 1804 525 1873 fertili
548 1809 639 1875 euim
675 1805 813 1896 Upsalia
848 1809 986 1898 regione
1018 1817 1159 1902 campe·

107 1928 167 1995 stri
201 1927 408 1994 circumdata
448 1940 515 2012 est,
556 1943 595 1998 ut
629 1933 749 2002 similis
774 1935 810 2003 in
836 1937 955 2005 Svecia
987 1938 1157 2030 superiori

109 2052 200 2122 nulla
219 2054 263 2118 sit
283 2065 317 2120 et
339 2051 452 2122 forsan
473 2057 595 2125 nullibi
631 2070 799 2129 terrarum
825 2077 895 2132 tam
929 2065 1162 2155 septentrioni.

111 2177 311 2269 propinqua.
353 2176 587 2248 Nihilominus
618 2193 688 2248 tam
725 2187 828 2252 variis
859 2187 943 2253 haec
968 2190 1062 2275 regio
1095 2187 1154 2256 iuss

110 2313 277 2390 terspersu
294 2313 344 2368 est
367 2304 450 2370 loeis
477 2303 679 2371 immotam
713 2304 864 2396 frigidis,
890 2319 929 2374 ut
947 2307 1068 2375 rarias'
1094 2309 1158 2374 ad·

33 2429 40 2444 “
114 2422 251 2488 modum
273 2424 404 2512 plantas
435 2427 632 2496 Linuaeana
655 2429 861 2498 auctoritate
877 2428 991 2518 ilignae
1013 2427 1158 2495 Botaui·

110 2553 157 2619 oia
182 2555 313 2624 offerat.
700 2549 702 2553 ¹

110 2719 113 2726 =
183 2682 344 2772 Regionis
366 2684 564 2774 campestria
586 2685 696 2752 solum
710 2683 897 2751 maximam
914 2693 1045 2772 partem
1068 2707 1154 2751 oon·
1189 2747 1193 2753 .

110 2803 263 2872 stituitur
287 2805 404 2895 argilla
426 2819 592 2895 eaque'ut
613 2810 801 2902 plurimum
824 2809 999 2895 margacea
1027 2817 1060 2873 et
1082 2833 1159 2875 sae-

101 2957 146 3026 pe
167 2911 292 3026 lapillis
331 2939 508 3024 oaloareis,
550 2944 609 3036 qui
630 2941 826 3010 formationi
853 2939 1071 3006 transitionis
1093 2941 1157 3005 ‹le-t

104 3074 250 3152 bentur,
272 3071 446 3160 adspersa,
476 3037 623 3160 quorum
652 3083 766 3143 tamen
791 3073 964 3162 origo'vel
984 3065 1086 3141 strata
1105 3078 1150 3145 fi.
1186 3094 1190 3105 ‘
1232 3059 1234 3066 ’

105 3215 151 3264 xa
173 3173 282 3262 arlhuo
305 3193 416 3282 ignota
437 3208 527 3262 sunt.
572 3195 725 3266 Maxime
751 3195 852 3286 plana
876 3199 970 3285 regio
991 3203 1152 3270 extendi-·
1249 3177 1252 3182 ⁵

103 3334 161 3391 tur
189 3323 277 3390 inter
299 3321 492 3410 Danmark,
525 3325 663 3415 Billinge
691 3338 726 3394 et
746 3309 907 3419 alkerby,
925 3327 992 3398 ubi
1027 3353 1152 3423 super.

107 3458 224 3528 ficiem
243 3457 337 3526 lacus
360 3455 533 3546 tranquilli
557 3456 808 3545 quodammodo
833 3455 950 3522 refert.

195 3605 322 3695 iugum
356 3605 548 3693 glareosum
576 3602 707 3692 insigne
734 3599 822 3668 hano
842 3598 1016 3691 planitiem
1036 3619 1057 3664 ο
1077 3587 1155 3666 ωεὲ

105 3713 195 3797 ridie
219 3731 261 3796 ad
282 3731 547 3822 septentrionem
579 3727 714 3818 oblique
744 3729 881 3808 transit',
921 3727 1010 3814 quod
1040 3707 1161 3816 jugum

105 3854 217 3952 ‘saepe
250 3866 386 3956 eentum
412 3855 525 3948 pedes,
542 3857 645 3948 supra
672 3827 848 3948 planitiam
876 3831 985 3922 altum
1001 3847 1150 3934 'emmet-
