2826 4812
434 273 762 380 nonnosum
879 249 885 276 ’
1096 335 1159 419 117

14 505 242 596 aperientes
263 525 368 592 supra
399 503 496 572 basin
524 505 733 594 gerentibus.
779 507 950 574 Stamina.
976 531 1056 576 cum
1081 511 1182 598 pri-,

14 617 138 658 mum
164 593 326 680 apeiitur
348 578 429 673 flos,
472 615 546 658 sese
582 617 626 658 cx
654 593 809 680 orrigunt
839 606 872 660 et
898 595 1010 680 petala
1043 594 1158 662 dimo-

14 691 139 760 ναοῖς
183 691 305 766 postea
328 701 415 743 vero
438 679 600 744 antherae
626 616 775 746 icorsim
810 680 990 744 dehiscunt
1020 693 1057 746 et
1079 683 1158 748 val-

14 767 140 830 vulas
159 789 243 830 suas
263 786 402 837 sursum
421 764 603 832 reflectunt
624 767 731 832 instar
751 767 884 832 alarum
908 768 1073 850 duarum,
1087 791 1157 856 quo

14 851 129 916 facto
155 852 202 916 atl
224 852 408 926 minimum
436 865 565 916 tactum
589 851 813 919 incurvantur
837 854 985 918 stamina
1019 856 1156 923 clastice

14 950 63 1003 et
95 938 268 1026 paginam
300 938 500 1004 interiorem
521 937 753 1025 polliniferam
775 939 909 1004 alarum
926 963 1004 1004 cum
1021 941 1156 1028 impetu

14 1025 237 1090 admovent
259 1023 422 1112 stigmatis
442 1024 591 1110 margini
616 1025 771 1096 humido,
810 1025 889 1090 Hoc
911 1026 1050 1113 quidem
1076 1027 1155 1094 foe·

14 1109 248 1174 cundationi
272 1112 498 1175 necessarium
538 1131 610 1174 esse
639 1111 775 1175 videtur
795 1133 874 1176 cum
903 1113 1068 1212 pollinem
1093 1139 1155 1180 co-

14 1199 248 1264 haerentem
269 1197 415 1262 habeant
433 1197 525 1261 utin
551 1195 779 1284 Orchiilibus,
802 1219 866 1264 nec
888 1187 1016 1284 sicctlm
1030 1201 1155 1292 deplu-

17 1295 160 1350 entem
183 1295 225 1349 ut
247 1281 284 1348 in
305 1283 431 1374 plantis
452 1281 637 1372 plerisque»
695 1350 698 1356 ,

459 1445 729 1538 ansuis

74 1603 155 1654 aaa.
171 1619 232 1670 gea·
249 1605 292 1655 ed.
310 1602 410 1654 Schul-
431 1619 456 1652 a.
475 1607 533 1668 605.
559 1601 673 1664 θυείαν
696 1620 755 1670 gen,
771 1619 800 1671 p.
820 1609 883 1668 369.
905 1599 1015 1678 Gaeeta.
1032 1605 1118 1672 l'ruca
1168 1621 1173 1629 ’

465 1685 489 1723 ι.
514 1690 542 1740 p.
561 1685 622 1736 237·
645 1689 665 1723 ι.
690 1687 732 1738 51,
882 1683 884 1688 '

32 1796 158 1884 Calyx
200 1795 388 1876 coloratus,
426 1794 705 1881 campanulatus‚
740 1793 978 1860 sexdentatus:
1009 1794 1152 1864 sinubus

81 1881 370 1967 interjacentibus
408 1880 550 1946 deflexis
584 1879 870 1970 prominentibus.
923 1879 1041 1946 Petala
1071 1904 1152 1964 sex,

87 1967 199 2057 calyci
225 1969 373 2048 inserta,
397 1989 499 2054 saepe
527 1967 688 2031 obsoleta.
724 1965 870 2054 Capsula
895 1987 1039 2052 supera,
1056 1968 1153 2034 eval-

85 2052 396 2135 vis,bilocula1·is:
423 2053 639 2140 receptaculo
671 2051 829 2116 centralis
864 2053 1057 2132 seminibus.
1081 2075 1153 2120 nu—

88 2139 246 2206 merosis.
269 2177 305 2190 -
329 2137 491 2204 Herbula
508 2137 618 2227 foliis
642 2137 821 2224 oppositis.
1023 2197 1024 2200 ,

92 2225 179 2290 Orci
191 2237 261 2291 nat.
277 2225 327 2292 54.
353 2224 413 2290 Cn
424 2226 466 2313 ly
478 2225 608 2290 sciath
619 2244 681 2292 em
692 2246 740 2290 oe
759 2221 972 2311 (Selinusiae
989 2218 1151 2310 Iustina),

55 2384 129 2452 229.
163 2363 320 2430 PEPLIS
340 2352 523 2444 lPortuln:
558 2363 700 2430 floribus
736 2363 941 2452 subapetalis
973 2361 1152 2450 solitariis,

137 2446 222 2514 foliis
246 2452 400 2516 obovatis
423 2451 604 2540 petiolatis.
627 2449 745 2532 Lina.
779 2475 866 2516 sves.
898 2477 931 2516 n.
961 2453 1036 2518 312.
1060 2475 1076 2514 c
1102 2476 1151 2520 ec.
1176 2497 1178 2502 ·

56 2591 58 2595 ,
127 2535 180 2623 pt.
203 2535 254 2603 ecl.
281 2537 441 2605 Willclen.
463 2560 493 2604 2.
511 2561 550 2626 p.
574 2539 650 2604 245.
668 2537 764 2618 Flos.
784 2535 882 2603 Dan.
906 2547 932 2604 t.
956 2537 1008 2604 64.
1039 2475 1152 2612 still.

128 2623 457 2713 mmtfflfib
605 2634 608 2642 “
1168 2701 1172 2706 ,

88 2707 180 2775 Hab.
204 2707 241 2772 in
263 2708 346 2772 locis
368 2709 492 2795 apricis
518 2708 577 2774 ubi
601 2731 708 2797 aquae
742 2707 919 2798 hyemales
953 2717 987 2772 et
1017 2707 1150 2775 nivales

131 2806 286 2880 stagnant
304 2797 451 2879 passim3
485 2795 620 2883 saepius
649 2796 724 2862 visa
748 2817 869 2860 versus
893 2794 1097 2875 Vesceliam,
1117 2803 1164 2881 et¹

44 2887 49 2930 ἔ
131 2903 239 2968 prope
265 2879 440 2970 Ehebysjii
463 2881 711 2970 Liibyensium.
1161 2886 1164 2895 '

91 2965 208 3036 Radix
232 2967 528 3054 annna.,-1epe'ns‚
564 2968 712 3032 stolones
735 2966 917 3051 caulesque
939 2957 1150 3030 decumben-

49 3066 98 3118 tes
132 3053 244 3118 edens.
291 3053 405 3120 Cauiis
426 3075 497 3120 una
526 3071 614 3120 cum·
633 3067 724 3119 costa
745 3051 909 3122 foliorum
940 3060 973 3114 et
1005 3047 1150 3114 floribus

46 3139 168 3221 rubet,
188 3139 424 3225 glaberrimus.
470 3139 570 3204 Folia
597 3141 764 3222 (bovata,
788 3137 989 3202 Postulacae
1013 3133 1150 3213 forma,
1233 3141 1238 3154 ’

48 3227 106 3302 ‚sed
130 3221 363 3312 unguiculacia
385 3233 530 3291 tantum.
566 3227 685 3294 Flores
706 3225 744 3290 in
767 3213 879 3288 axillis
899 3219 1066 3286 foliorum
1090 3241 1150 3281 so-

47 3311 168 3394 litarii,
193 3310 280 3376 binis
304 3311 485 3380 bracteolis
507 3313 657 3398 angustis
687 3311 840 3398 phimum
864 3307 988 3398 stipati.
1037 3305 1150 3392 Cabyx

50 3398 145 3464 valde
167 3397 362 3484 singularia,
399 3399 440 3462 ab
461 3397 560 3462 initio
583 3397 711 3465 eximie
735 3391 1150 3482 sexangulam-pyrami-

52 3484 164 3566 datus3
185 3506 274 3571 apex
294 3483 488 3576 pyramidis
509 3483 661 3572 apicibus
688 3482 851 3547 subulatis
872 3478 1074 3545 laciniatum
1090 3499 1150 3542 ca-

49 3569 134 3658 lycis
164 3569 305 3634 hirsutie
343 3571 489 3656 quadam
514 3571 667 3636 connatis
690 3567 911 3648 constitutus3
943 3589 982 3630 an
1008 3564 1057 3629 uli
1086 3565 1149 3629 ba-

51 3677 125 3722 neos
148 3655 252 3722 effecti
285 3656 426 3738 sinubus
461 3657 622 3745 calycinis
651 3651 936 3748 prominentibus.
986 3589 1149 3716 hemum*

51 3741 185 3812 dehiscit
206 3743 342 3828 quidem
367 3745 468 3835 calyx
493 3745 555 3810 sub
579 3741 764 3810 faenisecio
785 3739 844 3806 sed
860 3740 1148 3836 plerumquenon
1242 3791 1245 3796 .

49 3849 168 3916 parum
189 3849 403 3918 compressus
426 3841 565 3914 manet,
590 3829 802 3918 staminaque
822 3849 895 3894 uon
919 3834 1057 3916 exserit.
