2758 4806
163 412 169 422 ·
270 389 339 464 sssr
641 372 989 452 DIADELPHIA

270 591 386 667 niens,
410 596 482 654 tota
504 585 590 654 laete
610 585 668 650 vel
688 585 951 662 luteo-virens,
973 582 1191 674 glaberrims,
1235 589 1343 672 nitidat

273 676 406 744 circiter
430 673 679 763 sesquipedalis.
723 673 855 738 Folicla
876 674 1006 756 majora
1028 695 1130 760 quam
1151 674 1188 740 in
1216 699 1345 766 sequen·

271 765 375 841 tibus,
398 763 598 848 plerumque
619 759 669 822 bis
698 760 835 824 unciam
855 759 966 844 longa.
989 759 1108 824 Flores
1137 758 1248 828 initio·
1264 787 1346 830 men-

272 851 317 917 sis
340 847 604 915 frondescentiae
640 857 857 932 erumpentes
893 845 1066 930 splendide
1095 849 1268 935 purpurei
1301 851 1347 913 de-

180 975 183 996 .
272 958 368 1000 mum
387 933 491 1020 magis
506 930 784 1014 caerulesccntes,
803 930 948 1015 majores
967 951 1069 1016 quam
1079 931 1116 996 in
1129 935 1348 1021 sequentibus.

270 1071 346 1140 458.
371 1071 560 1138 OROBUS
584 1069 778 1136 tuberosus:
815 1067 910 1138 caule
933 1071 1142 1162 subsimplici
1163 1075 1274 1157 alato,
1304 1075 1349 1140 fo·

356 1158 409 1223 liis
435 1159 497 1222 sub
521 1157 702 1245 uadrijugis
720 1157 933 1240 lanceolatis,
955 1159 1088 1246 stipulis
1111 1162 1370 1251 semisagittstis

357 1243 469 1310 medio
495 1179 715 1308 denticulatis.

231 1355 234 1362 ’
359 1331 403 1398 Ο.
429 1328 605 1396 tuberosus
625 1331 732 1396 Lino.
747 1329 835 1394 sv'cc.
854 1351 887 1392 n.
903 1325 976 1393 642.
1049 1351 1095 1398 ec.
1109 1331 1164 1419 pl.
1187 1329 1246 1395 ed.
1263 1329 1350 1396 Witt-

404 1415 478 1482 den.
502 1415 532 1482 5.
548 1437 587 1505 p.
612 1416 705 1504 1074.
733 1439 768 1480 n.
789 1419 820 1482 5.
843 1446 869 1476 a.
894 1413 989 1478 Flor.
1052 1441 1108 1482 an.
1131 1429 1158 1482 t.
1180 1419 1263 1505 781.

314 1502 400 1571 Hab.
422 1501 459 1566 in
480 1501 615 1588 pascuis
631 1502 813 1591 praecipue
833 1500 1007 1588 sylvaticis
1027 1501 1120 1569 duris
1141 1505 1276 1592 ubique
1293 1499 1348 1565 fre·

318 1599 622 1759 Rabiinieeiinnis,
647 1681 752 1754 teres,
776 1667 856 1738 hinc
889 1669 968 1735 inde
999 1668 1035 1735 in
1069 1667 1187 1737 tubera
1220 1671 1349 1754 oblonga

272 1760 510 1826 intumescens.
571 1759 688 1822 Herba
724 1769 794 1824 tota
823 1756 1096 1844 glauco-virens
1129 1757 1204 1821 sinc
1243 1759 1348 1822 nitore.

275 1845 390 1910 Cauiis
413 1845 532 1928 laxus,
554 1844 757 1933 plerumque
778 1842 917 1932 pedalis.
964 1843 1096 1907 Foliola
1119 1841 1264 1908 unciam
1286 1844 1348 1906 lon·

273 1955 332 2018 ga,
355 1929 580 1996 obtusiusculs
608 1951 686 1994 cum
710 1949 882 1995 mucrone.
924 1927 1044 1995 Flores
1065 1938 1135 1992 toto
1155 1953 1244 1994 vere
1273 1925 1350 1992 obvii

271 2016 422 2111 primum
446 2017 626 2082 rubicundi
657 2015 713 2083 vel
735 2014 864 2093 carnei,
900 2012 1038 2081 demum
1070 2013 1208 2081 sordide
1244 2035 1350 2079 caeru·

271 2107 447 2168 lesceutes.

273 2219 347 2310 459.
381 2215 570 2288 OROBUS
597 2221 715 2308 nigers
745 2214 840 2284 caule
871 2235 1005 2282 ramoso
1026 2217 1113 2307 (siue
1142 2215 1242 2305 slis),
1275 2215 1348 2282 foliis

300 2347 302 2354 =
360 2308 483 2392 se'ugis
509 2305 806 2391 ovato-oblongis.
850 2303 1099 2371 Lincsvecm.
1114 2304 1188 2370 645.
1214 2303 1348 2395 specpl.

362 2330 691 2477 edidissemus
718 2391 811 2476 1076.
834 2387 929 2454 Flor.
950 2385 1044 2458 Dan.
1069 2400 1094 2454 t.
1118 2410 1214 2473 1170.

318 2476 408 2540 Hab.
429 2476 466 2540 in
489 2476 573 2541 lucis
596 2476 779 2558 majoribus
814 2473 1024 2562 rupestribus
1046 2475 1190 2562 passim,
1228 2471 1347 2562 praees

359 2582 428 2650 pue
448 2560 483 2626 in
505 2561 677 2628 montibus
703 2560 1018 2626 Godtsundensibus
1041 2571 1075 2624 et
1109 2559 1187 2624 luco
1217 2560 1347 2644 Norby-

358 2644 434 2796 pusi
456 2647 610 2744 copiose,
645 2660 685 2714 ut
703 2647 806 2712 etiam
827 2647 865 2712 in
892 2646 1004 2712 insula
1034 2645 1167 2734 paludis
1187 2643 1348 2712 Witulls⁴

383 2753 420 2796 er
441 2755 539 2802 ensis.
659 2795 661 2800 .

318 2753 440 2885 Rssdixg
452 2815 619 2904 perennis.
661 2815 778 2882 Herba
797 2815 1007 2902 glaucesc'cns
1034 2812 1267 2884 exsiccatione
1286 2810 1346 2880 exi*
1368 2885 1369 2890 ἵ

273 2902 343 2970 mie
363 2901 529 2992 nigricans
552 2901 826 2990 (unde'nomen)‚
849 2925 951 2990 quam
971 2901 1249 2990 praecedentiam
1271 2897 1347 2966 mul·

273 2991 357 3078 tiplo
391 2989 510 3070 atti0r3
544 2991 677 3078 saepius
708 2988 887 3076 tripedalis.
932 2987 1045 3054 Cauiis
1070 3009 1205 3076 auceps.
1249 2987 1369 3056 Base-1

274 3077 324 3140 mi
349 3077 386 3141 in
422 3077 573 3162 apicibus
596 3097 791 3151 ramorum,
818 3070 952 3139 circiter
973 3073 1218 3162 quinquessori‚
1246 3069 1369 3162 paullo'

274 3174 351 3226 ante
370 3161 561 3226 solstitium
572 3162 741 3226 florentes.
761 3160 874 3224 Potula
893 3158 968 3225 fere
990 3162 1122 3226 minora
1137 3179 1242 3245 quam
1260 3176 1346 3246 prae·
1368 3229 1369 3244 χ

276 3245 445 3396 sedentbis,
474 3248 676 3329 subcarnca,
713 3245 864 3333 apicibus
885 3245 1016 3312 alarum
1037 3245 1185 3332 denique
1207 3243 1345 3310 caerule
1368 3247 1369 3334 t

276 3342 379 3397 scenu
403 3353 454 3398 us.
1368 3353 1369 3360 ¹

595 3467 1011 3548 LATHYRUS

409 3627 486 3686 tus.
502 3647 561 3701 gea.
583 3633 622 3680 ed.
652 3625 753 3682 Scireb.
777 3645 803 3678 n·
821 3629 895 3686 1186.
916 3623 1026 3692 Jusu‘eu
1046 3643 1104 3696 gen.
1121 3643 1150 3696 p.
1165 3629 1229 3690 396.

576 3695 683 3750 Gutta.
697 3697 782 3762 fruct.
801 3713 829 3753 c.
843 3715 871 3765 p.
890 3711 938 3762 330
961 3713 981 3750 e.
1001 3711 1058 3762 ¹5²·

276 3775 388 3872 Calyx
407 3785 616 3868 turbinstus‚
639 3789 954 3876 quinquedentatus:
975 3793 1129 3860 dentibus
1154 3794 1283 3860 duobus
1293 3813 1338 3856 su·

316 3869 506 3966 perioribus
528 3873 749 3942 brevioribus.
794 3877 908 3966 Stylus
936 3901 1082 3968 superne
1110 3881 1213 3946 latior
1243 3879 1338 3962 ibique

316 3967 503 4024 retrorsum
532 3959 681 4036 villosus.
724 3962 905 4052 Legumen.
930 3965 1145 4054 elongatum,
1171 3965 1336 4056 polysper·
