2702 4796
459 375 624 462 FUNGI
739 497 742 519 Ι
1020 405 1085 494 457
1114 351 1119 360 „

17 607 63 650 an
86 585 158 650 cito
187 580 403 669 fragilesoens
426 583 657 672 dilabensque
689 585 764 654 fere
786 611 932 663 cascesa.
971 599 1084 668 'Color

17 694 89 742 :am
116 669 216 734 initio
237 668 377 734 citrinos
404 667 471 734 cito
498 670 661 756 pallescit.
707 675 861 764 (Fungus
888 691 978 751 totus
1003 685 1084 753 Bo.

20 765 70 820 to
103 755 317 820 suberoso
333 751 558 850 simillimus,
584 757 641 824 sed
664 759 848 832 substantia
877 789 937 836 sua
960 792 1084 861 parum

16 853 152 906 ‚satura
171 839 449 923 diversissimus.)

16 953 81 1021 55.
97 947 322 1018 BOLETUS
344 950 558 1015 suaveolenss
574 950 665 1038 pileo
676 953 851 1024 dimidiato
865 960 986 1036 adnoto
999 967 1084 1034 sub..

77 1048 272 1102 tomentoso
302 1033 378 1097 albo
403 1036 628 1100 subsuberoso
667 1039 824 1115 odorato,
854 1047 948 1132 poris
969 1053 1084 1119 sordi..

73 1123 117 1187 de
138 1109 393 1188 albescentibus.
417 1119 522 1190 Lina.
541 1144 629 1190 erec.
649 1147 684 1190 n.
709 1130 800 1197 1255.
820 1128 922 1202 Pers.
950 1159 1021 1224 syn.
1039 1159 1079 1227 p.

71 1209 149 1274 550.
173 1207 229 1272 Su.
254 1204 335 1272 Bot.
356 1215 382 1270 t.
405 1226 479 1274 221.
859 1255 861 1260 -

19 1293 123 1359 Hab.
147 1292 184 1356 in
204 1290 372 1355 salicibus.
737 1344 739 1350 .

14 1381 83 1447 54.
100 1374 320 1444 BOLETUS
342 1373 536 1442 arborosus:
564 1375 656 1462 pileo
683 1379 859 1452 dimidiato
894 1386 1015 1452 adnoto
1037 1410 1083 1452 u-

74 1465 212 1552 trinque
245 1482 402 1530 convexo
432 1482 535 1548 supra
560 1483 680 1546 aspero
709 1467 931 1561 margineque
959 1472 1081 1544 obtuso

73 1549 200 1638 pallide
219 1547 421 1626 latescente,
445 1545 539 1634 poris
562 1547 691 1612 albidis.
789 1559 793 1566 '
900 1568 902 1572 ’

74 1637 114 1702 Β.
133 1634 316 1698 suberosus
341 1631 446 1696 Lino.
474 1653 559 1696 aveo·
583 1655 616 1696 n.
639 1635 753 1701 1255?

24 1721 122 1788 Hab.
141 1720 179 1784 in
204 1716 334 1783 truncis
354 1717 516 1780 arborum
537 1714 785 1786 frondosarum.

14 1807 100 1872 'Hic
144 1803 267 1870 melior
300 1801 478 1866 Boletus
511 1802 750 1868 suberosus
792 1797 906 1870 sorm'a
941 1807 1081 1874 omnino
1155 1799 1160 1806 ’

13 1893 169 1958 ulvinata
190 1902 260 1954 tum
283 1909 394 1952 crassa
414 1896 453 1950 ut
474 1886 654 1954 diametros
672 1889 964 1978 perpendicularis
985 1894 1082 1957 radio

13 1975 194 2050 orizontoii
215 1973 416 2060 neutiquam
442 1970 570 2058 dupplo
603 1974 717 2040 minor
740 1976 794 2040 sit.
838 1975 957 2064 Margo
979 1978 1084 2045 etiam

12 2086 124 2129 rossus
145 2057 389 2126 obtusissimus.
431 2056 522 2122 Pori¹
536 2079 646 2148 neque
675 2063 821 2144 majores
847 2083 958 2145 neque
977 2063 1082 2150 magis

12 2145 141 2236 ngulati
162 2167 264 2246 quam
284 2143 322 2209 in
342 2142 619 2231 praecedentibus
653 2146 849 2234 speciebus3
881 2146 993 2234 itaque
1016 2147 1084 2212 hu·
1186 2141 1188 2150 ’

12 2259 43 2298 rs
66 2255 196 2320 generis
219 2231 357 2294 omnino
379 2240 430 2294 est
452 2227 593 2317 fungus,
609 2243 744 2300 atcerte
766 2233 918 2298 diversus
936 2255 956 2298 a
972 2233 1084 2300 Dae-

11 2319 116 2384 ‚alea
139 2317 332 2404 gibboso.
412 2362 415 2366 -

11 2422 92 2490 055.
114 2417 336 2486 BOLETUS
358 2416 611 2503 fomentorr'us:
628 2420 719 2507 pileo
745 2421 888 2508 perenni
908 2419 1081 2488 dimidiato

79 2504 200 2570 adnato
221 2504 334 2589 ligneo
357 2503 587 2589 subtriquetro
611 2499 885 2588 fusco-fasciato,
908 2507 1001 2595 poris
1013 2505 1083 2572 mi-

86 2587 176 2656 nutis
196 2585 548 2676 glauco-ferrugineis.
580 2592 686 2658 Lino.
709 2615 795 2658 avec.
819 2617 853 2658 n.
880 2597 972 2662 1252.
996 2595 1084 2658 Per-

84 2698 175 2740 aoon.
195 2698 268 2764 syn.
283 2698 322 2764 p.
348 2675 422 2742 556.
447 2674 591 2741 Seueri).
609 2675 718 2766 sung.
739 2690 763 2742 t.
789 2680 858 2750 155.

76 2761 116 2826 Β.
137 2760 299 2845 igniarius
313 2758 371 2826 W
367 2760 466 2826 oodw.
478 2761 565 2830 med.
574 2761 641 2826 bot.
651 2764 682 2827 4.
691 2774 715 2844 t.
724 2763 795 2846 274.
808 2767 860 2831 ὃν.
871 2757 949 2828 Bor.
963 2774 989 2826 t.
1009 2763 1083 2828 125.

36 2848 131 2922 Hab..
149 2847 186 2914 in
208 2846 336 2912 truncis
359 2843 462 2920 variis
485 2847 646 2917 arborum
670 2847 930 2927 frondosarum,
953 2848 1011 2912 sed
1041 2871 1084 2913 o-

77 2931 203 3021 ptimus
226 2931 262 2994 in
283 2931 412 2995 Betula.
810 2961 815 2970 ¹

11 3019 93 3091 556.
119 3015 336 3090 tiOLttTUS
354 3016 523 3103 pisciculo:
552 3015 642 3100 pileo
658 3016 801 3104 perenni
823 3015 998 3080 dimidiato
1022 3015 1085 3079 ad-

81 3115 160 3168 nato
179 3101 358 3190 pulvinato
385 3101 496 3185 ligneo
518 3102 587 3164 basi
612 3100 821 3189 nigrescente
844 3112 963 3164 zonato
989 3122 1084 3165 utar-

77 3187 154 3276 gine
173 3186 454 3252 subcinnebarino
478 3185 667 3271 laevigato,
699 3185 793 3274 poris
819 3185 970 3256 rotundis
993 3185 1084 3256 inte„

83 3271 238 3360 gerrimis
265 3270 589 3340 ochraceo-albidis.
620 3272 752 3342 Soarrz
777 3271 817 3342 V
813 3283 852 3338 rt.
881 3295 930 3338 oc.
951 3269 1084 3337 Hundl.

88 3359 178 3426 1810.
196 3381 231 3445 p.
255 3354 308 3424 88.
339 3353 495 3426 811.an
519 3368 547 3422 t.
566 3357 646 3424 480.

11 3501 13 3512 ,
81 3445 122 3510 Β.
141 3442 302 3568 ἰξηίατίιιε
333 3442 486 3511 Persoon
522 3464 595 3529 eyn.
611 3465 649 3531 p.
672 3441 747 3507 554.
768 3441 860 3506 Flor.
884 3437 978 3511 Dan.
1000 3441 1031 3508 6.
1054 3452 1080 3508 t.

38 3539 394 3702 Hab9ii13baiiidicibus
416 3609 570 3675 abietinis
591 3595 797 3696 frequenter.

46 3696 189 3768 Octobri
229 3699 414 3787 praecipue
448 3694 614 3762 increscit.
662 3698 789 3762 Forma
813 3693 989 3782 pulvinata
1017 3694 1088 3760 i.e

11 3785 167 3856 crassities
208 3779 496 3872 perpendicularis
534 3780 712 3848 dimidium
743 3780 878 3848 radium
914 3801 1088 3871 superans.

11 3875 123 3966 idargo
168 3869 304 3962 obtusus
340 3867 478 3940 omniuo
512 3865 717 3960 laevigatus,
757 3889 824 3963 quo
857 3865 898 3938 ab
931 3866 1088 3940 omuibus
