2900 4812
282 337 335 420 at
430 345 435 356 ·
679 335 989 424 ariadnam
1028 329 1031 336 “

327 535 439 609 Radix
469 541 639 628 perennis.
685 543 839 612 Gramen
872 554 1001 612 statura
1028 547 1211 622 admodum
1247 553 1401 624 varians

287 627 644 722 apedibusuquatuor·
667 630 707 694 ad
733 651 859 705 unum,
894 632 1017 700 culmis
1043 635 1241 728 saginisque
1271 643 1399 708 laevi-

287 714 351 810 bus
369 733 555 809 praecipue
577 735 597 778 a
617 727 779 799 sequente
807 715 1084 802 dignoscendum.
1105 722 1202 789 Folia
1222 726 1264 790 ad
1286 752 1400 794 mar-

284 819 381 884 gines
399 807 432 860 ct
450 818 602 874 carinam
625 799 861 870 scabriusculu.
906 803 1065 892 Spiculue
1083 809 1144 872 sub
1163 812 1298 879 anthesi
1313 815 1400 882 cir·

285 903 327 979 ca
343 881 528 950 solstitium
553 897 713 966 cernuae,
734 897 855 974 postea
871 888 1005 978 saepius
1028 891 1171 963 erectae.

272 1053 338 1127 ·65·
361 1055 461 1148 POA
484 1044 657 1134 trivialis}
697 1049 832 1124 anicula
846 1055 979 1146 aequali
1003 1057 1137 1142 diffusa,
1158 1055 1298 1152 spiculis
1317 1068 1399 1132 ob-

367 1139 595 1242 longo-uvalis
633 1077 859 1241 cultrinlloris:
896 1143 1052 1212 flosculis
1080 1143 1153 1212 basi
1179 1148 1262 1214 villo
1295 1173 1396 1216 con-

373 1240 472 1295 nexis
522 1229 824 1313 umquenervrbus,
852 1231 965 1296 culmo
997 1231 1195 1320 vaginisque
1223 1230 1395 1304 scabriu-

283 1353 287 1364 ·
370 1241 613 1412 sculis‚ligula
634 1315 829 1400 oblongam,
851 1315 964 1382 radice
987 1317 1181 1405 caespitosa.

370 1399 409 1467 P.
431 1398 574 1465 traviahs
594 1399 702 1465 Lino.
724 1423 811 1467 aveo.
834 1425 867 1465 n.
892 1402 945 1470 80.
973 1426 988 1465 s
1012 1415 1061 1469 st:
1090 1429 1166 1494 vag.
1195 1405 1247 1470 ed.
1278 1408 1392 1474 Roea

415 1507 489 1550 mer
513 1504 543 1550 2.
562 1505 601 1572 p.
622 1486 698 1554 554.
720 1485 781 1551 Su.
802 1484 884 1554 Bot.
909 1498 932 1552 t.
955 1488 975 1555 8
1000 1534 1008 1553 .
1034 1491 1124 1556 bona
1144 1491 1294 1580 (except.
1318 1494 1388 1584 fig.

365 1653 405 1725 P.
414 1567 809 1806 {sggfizggrflssffggag
818 1572 949 1746 155452.
982 1625 1118 1748 Buff
1140 1681 1253 1751 germ.
1283 1685 1327 1728 1.·
1342 1679 1386 1754 p.

442 1765 469 1807 r.
508 1763 592 1807 .1o.

325 1826 415 1895 Hab.
441 1826 478 1892 in
504 1826 667 1915 pratiaet
684 1824 817 1913 pascuis
841 1826 1065 1892 sterilioribus
1088 1828 1226 1915 ubique.

280 1954 285 1960 -
323 1913 439 1980 Radix
487 1911 638 1994 ereunis,
658 1932 720 1976 nec
740 1910 881 1977 minime
902 1935 1035 1998 repens.
1075 1915 1191 1979 Culmi
1213 1911 1383 2002 plurumi

280 2021 346 2088 qua
369 1999 448 2086 bipe
474 1997 560 2077 ales,
583 2018 682 2084 saepe
702 2010 1009 2085 purpurascentes,
1031 2019 1097 2063 una
1124 2023 1203 2065 cunr
1242 2001 1381 2087 vaginis

281 2086 353 2151 suis
376 2082 606 2158 scabriusculi.
650 2083 811 2148 Panicula
832 2082 947 2147 brevis
971 2083 1097 2149 eximie
1130 2086 1270 2151 diffusa.-
1297 2088 1380 2174 spi-

278 2167 456 2324 plulisfepc
475 2191 612 2259 semper
634 2169 847 2249 nutantibus,
871 2169 1073 2258 plerumque
1086 2183 1164 2258 post
1187 2169 1378 2238 solstitium

305 2267 412 2327 oreon
437 2276 489 2320 us.

279 2402 332 2471 66.
355 2396 455 2470 ΡΟΑ
477 2393 727 2488 ungustifolia:
760 2384 920 2479 panicula
947 2391 1078 2480 aequali
1110 2401 1263 2482 patente,
1297 2395 1375 2483 spi-

367 2487 452 2550 culis
493 2478 808 2548 ovato-lauceolatrs
859 2479 1182 2565 subquinquefloris:
1241 2480 1376 2545 floscu-

255 2603 258 2611 ·
359 2572 401 2637 lis
434 2567 517 2632 basi⁴
534 2567 616 2631 villo
656 2564 819 2641 connexis
854 2565 1001 2630 obsoleto
1035 2565 1372 2653 quinquenervibus,

362 2654 465 2742 ligula
484 2652 601 2732 brevi,
625 2650 736 2716 radice
761 2661 912 2736 repente.

362 2741 403 2806 P.
429 2759 470 2802 an
494 2735 642 2801 ustifoliu
661 2735 767 2800 Lina.
788 2753 874 2801 auec.
894 2757 928 2800 n.
951 2735 1004 2802 81.
1129 2753 1136 2764 ‘

255 2811 260 2828 ⁸
366 2826 405 2891 P.
429 2759 588 2910 palustris
611 2819 724 2886 Edrlz.
749 2844 773 2885 u
797 2821 861 2886 sol.
883 2821 920 2885 in
942 2820 1084 2887 beirna.
1100 2837 1139 2908 p.
1158 2841 1190 2908 9.

281 2943 285 2952 ·
358 2911 397 2980 P.
418 2907 731 2974 scrotina‘Scdrnd.
791 2953 797 2967 .
853 2925 934 2970 erm·
971 2929 998 2972 1.
1029 2929 1066 2994 p.
1100 2927 1173 2993 ²99·
1211 2907 1368 2983 neema,

409 3006 492 3083 syci.
517 3018 593 3082 vag.
616 3013 646 3057 2.
663 3017 701 3080 p.
724 2993 798 3059 555.
822 2930 878 3056 §a
902 2989 982 3055 Bos.
1004 3001 1028 3054 t.
1053 2993 1127 3056 502.
1151 2995 1246 3057 bona.

313 3079 409 3149 Hah..
427 3083 465 3145 in
492 3083 598 3167 pratis
622 3079 737 3167 paullo
769 3077 955 3143 declivibus
985 3077 1111 3174 passim
1145 3095 1199 3143 ex.
1235 3099 1286 3165 gr.
1321 3079 1367 3144 ad

359 3163 572 3244 Godnunda,
593 3177 626 3230 et
654 3165 690 3230 iu
715 3153 957 3249 Kungsiingeu.

315 3247 428 3318 Radix
447 3252 625 3338 perennis,
649 3248 749 3316 valde
771 3269 893 3335 repens
916 3245 971 3312 vel
1000 3242 1112 3334 potius
1136 3247 1266 3310 culmos
1291 3256 1366 3312 sto-

268 3323 430 3424 lonesque
460 3337 499 3401 ad
531 3337 686 3424 genicula
714 3331 902 3398 radicantes
935 3343 969 3396 et
1001 3328 1100 3394 araldc
1129 3329 1365 3397 intumescen-

267 3431 319 3499 tes
339 3425 509 3498 emittens.
526 3423 584 3508 qui
602 3418 790 3486 successive
815 3427 1015 3483 excrescunt
1039 3427 1071 3480 et
1115 3413 1294 3503 lorumque
1322 3418 1362 3484 in

267 3505 469 3586 autumnum
499 3531 608 3594 usque
651 3506 774 3571 llorere
810 3505 1016 3568 continuant.
1107 3521 1224 3566 ramen
1248 3513 1362 3568 toturn

267 3591 310 3658 de
334 3607 446 3660 cetero
469 3593 661 3682 angustius,
684 3589 741 3654 sed
767 3589 887 3654 elatius
910 3598 942 3652 et
959 3585 1186 3652 'strictiusnec
1201 3605 1270 3654 non
1282 3610 1362 3654 ma-

263 3679 316 3764 gis
344 3681 492 3747 nitidum
519 3688 664 3746 saturata
687 3669 813 3740 virens.
866 3675 980 3740 Culmi
1010 3672 1214 3765 plerumque
1247 3674 1361 3761 tripe-

263 3765 363 3833 dales.
408 3766 508 3832 Folia
527 3765 653 3832 lineam
677 3771 811 3827 tantum
839 3761 923 3845 lata,
952 3759 1009 3825 sed
1039 3759 1141 3823 etiam
1173 3759 1209 3823 in
1242 3760 1359 3826 culmo

263 3851 431 3941 superiori
452 3849 539 3917 ult'ra
571 3849 774 3938 spithamam
804 3847 920 3934 longa,
954 3861 1058 3932 quare
1085 3844 1141 3907 lon
1165 3843 1259 3908 ifolia
1288 3854 1358 3932 p‘o-

259 3917 328 4004 t'ius
359 3939 529 4006 diceretur
558 3939 641 4004 haec
676 3934 816 4023 species.
867 3931 1030 3999 Peniculo
1070 3949 1127 3995 mo
1152 3931 1211 3996 ice.
1236 3941 1355 4020 patens
