2900 4812
782 311 842 363 11·

283 463 429 542 Duobus
446 451 531 524 locis
551 469 572 517 a
593 443 700 516 fluvio
719 441 913 548 Upsaliensi
938 421 1170 536 interruptum
1190 449 1247 514 vel
1266 450 1327 516 in.

281 591 467 660 terseotum
497 584 568 643 est:
599 568 769 662 superiori
783 567 874 636 deco
912 555 1089 655 Upsaliam
1127 565 1325 656 antiquam,

279 707 437 785 inferiori
466 701 643 796 Upealiam
670 701 740 770 fert
770 703 988 801 hodiernam,
1016 717 1195 796 utramque
1213 711 1250 776 in
1272 710 1325 776 la-

281 843 411 920 teribus
434 854 469 912 et
488 838 720 908 cacuminibus
743 813 812 906 anis
848 863 951 932 supra
985 809 1162 931 planitiem
1181 843 1326 912 fertilis..

282 971 404 1040 simam
428 957 606 1050 magnifico
629 969 663 1026 et
684 957 865 1026 excellenti
891 961 959 1027 situ
980 960 1114 1028 attollit.
1141 961 1143 970 '

368 1099 542 1168 snbsuara
577 1103 628 1159 est
659 1101 730 1158 tota
766 1092 859 1182 regio
891 1093 1126 1184 Upsaliensis,
1161 1108 1327 1184 quantum

282 1235 427 1317 scimus,
460 1229 663 1297 formatione
684 1229 861 1320 primitiva
881 1242 915 1297 et
933 1231 1078 1320 squidem
1103 1231 1175 1297 solo
1197 1229 1330 1321 granite

277 1369 358 1458 plue
380 1364 538 1430 minusve
560 1357 595 1424 in
619 1357 803 1428 Gneissum
829 1358 991 1439 abeunte,
1017 1357 1078 1424 sed
1103 1356 1176 1426 sine
1198 1356 1325 1424 schisto

219 1519 223 1532 ·
279 1495 362 1564 ullo.
394 1491 462 1558 Hic
488 1487 675 1578 granitinus
697 1485 820 1554 fundus
841 1486 1042 1554 eminentias
1062 1508 1185 1577 parvas
1204 1495 1329 1550 astra-

280 1618 324 1686 tis
344 1628 455 1686 terrae
477 1614 605 1680 liberae
626 1613 775 1700 undique
806 1610 945 1693 emittit,
979 1611 1037 1678 sed
1058 1633 1123 1700 per
1142 1607 1323 1700 planitiem

274 1761 450 1824 ‚summum
471 1761 595 1828 parurn
624 1739 808 1806 admodum
830 1740 934 1806 elatas
954 1741 1018 1807 vix
1047 1740 1176 1829 aliquot
1209 1742 1323 1832 orgyis

274 1864 428 1960 ultiones.
472 1861 627 1950 Longius
651 1861 770 1950 ajugo
800 1861 860 1926 illo
890 1862 1043 1948 glareoso
1068 1862 1236 1951 diagonali
1265 1887 1325 1932 re-

280 2006 394 2063 motae
413 1990 521 2078 magis
543 1989 740 2082 prominent
760 2002 794 2054 et
815 2004 1062 2080 congregantur
1090 1993 1128 2061 in
1151 2015 1232 2060 saxa
1251 1995 1324 2082 syl.-

280 2115 410 2194 vatica,
433 2133 520 2202 quae
540 2109 848 2200 paludesfrigidas
882 2112 1078 2196 includunt,
1112 2113 1226 2201 qualos
1248 2114 1324 2204 pri-

280 2263 378 2312 mum
399 2235 619 2328 reperiuntur
636 2257 756 2302 versus
773 2236 917 2328 Norby‚
939 2239 1061 2311 deinde
1075 2245 1113 2314 in
1132 2247 1231 2336 sylva
1245 2244 1323 2312 No-¹

281 2379 373 2448 eten3
405 2363 576 2430 maximae
603 2382 687 2428 vero
717 2354 838 2428 adsunt
872 2363 908 2432 in
942 2366 1042 2452 sylva
1073 2351 1233 2451 (masan,
1264 2365 1325 2434 ubi

278 2492 376 2583 palus
410 2485 712 2570 Vitulfsbergensis
748 2487 811 2551 sita
846 2498 920 2569 est,
952 2499 986 2551 et
1017 2490 1054 2552 in
1088 2492 1195 2577 sylvis
1227 2504 1322 2557 tran·

279 2601 451 2688 sumni.)
474 2613 568 2680 Raro
608 2621 724 2678 autem
761 2621 899 2678 centum
928 2610 1031 2699 pedes
1069 2634 1172 2702 supra
1210 2613 1326 2686 lacum

242 2773 247 2786 ι
281 2731 427 2809 Maeleri
452 2754 534 2800 saxa
560 2729 727 2813 eminent,
750 2748 853 2816 quarn
879 2725 1088 2797 altitudinem
1123 2729 1326 2802 eminentiae

280 2876 415 2936 nostrae
434 2857 581 2950 regionis
602 2857 799 2950 campestris
820 2857 883 2924 vix
904 2871 1075 2948 superant.
1143 2906 1147 2914 ,

371 2999 494 3086 Aquae
512 3019 703 3088 perpaucae
733 2996 932 3085 insigniores
951 2997 989 3066 in
1008 2999 1073 3068 huo
1094 3002 1234 3093 regione
1260 3001 1325 3070 ad·'

282 3131 372 3190 suut.
394 3117 436 3184 In
454 3117 528 3206 ipsa
541 3113 689 3207 ‘planitie
721 3111 913 3204 Upsnliensi
942 3135 1033 3198 unus
1060 3117 1187 3188 fluvius
1208 3119 1326 3212 Upsa.

280 3239 397 3324 lienris
419 3246 516 3335 isque
546 3255 705 3333 angustus
735 3241 951 3324 observatur,
973 3252 1009 3306 et
1031 3243 1069 3314 in
1090 3258 1160 3316 tote
1189 3253 1326 3342 regiano

278 3400 397 3458 nostra
420 3387 516 3456 laetis
538 3386 597 3453 ille
618 3405 746 3473 parvus
769 3379 981 3472 Ekebyeusis
1010 3395 1152 3473 excepto
1172 3387 1324 3459 Maelero

282 3517 456 3585 maximus
487 3526 549 3582 est.
592 3511 704 3581 Lacus
733 3513 879 3584 Maeleri
911 3515 948 3582 in
969 3519 1121 3582 nostram
1153 3518 1327 3605 regionem

283 3636 440 3707 immittit
482 3635 780 3728 septentrionalem
816 3621 922 3708 iinem
958 3629 1050 3697 illius
1084 3637 1208 3724 partis,
1241 3656 1328 3724 quas

183 3803 185 3811 s
281 3750 395 3822 Ekolu
421 3746 546 3820 dicitur
567 3751 651 3844 ripis
681 3753 778 3829 valde
810 3754 974 3843 lapidosis
997 3759 1033 3815 et
1051 3751 1201 3838 eiusdem
1232 3751 1326 3827 modi

278 3865 397 3955 insidis
422 3869 571 3965 insignis.
616 3863 777 3940 Ceterum
796 3889 905 3962 prope
928 3870 1122 3960 glareosum
1141 3871 1323 3962 praecipue
